@misc{sample:docs,
  author = {Robert Kirkpatrick},
  title = {A Beginner's Guide to Code Standards in Python - Pylint Tutorial},
  year = {2016},
  url = "https://docs.pylint.org/en/1.6.0/tutorial.html",
  note="\url{https://docs.pylint.org/en/1.6.0/tutorial.html} [Online; accessed 18-December-2021]"
}
